@book{brooks-manmonth,
  title={The Mythical Man-Month: Essays on Software Engineering},
  author={Brooks, Frederick P.},
  publisher={Pearson},
  year={1974}
}

@website{brooks-bio,
	title={Fred Brooks},
	publisher={Wikipedia},
	author={https://en.wikipedia.org/wiki/Fred_Brooks},
	year={2021}
}
